@phdthesis{seldenthuis,
author		= "J S Seldenthuis",
title		= "Electrical and Mechanical Effects in Single-Molecule Junctions",
school		= "Delft University of Technology",
%address	= "",
year		= "2011",
month		= "November",
%keywords	= "",
%note		= "",
}
@phdthesis{perrin,
author		= "M L Perrin",
title		= "Charge Transport Through Single-Molecule Junctions: Experiments and Theory",
school		= "Delft University of Technology",
year		= "2015",
month		= "June"
}
@phdthesis{frisenda,
author		= "Riccardo Frisenda",
title		= "OPE3: A model system for single-molecule transport",
school		= "Delft University of Technology",
year		= "2016",
month		= "January"
}
@Article{visions,
title={Visions for a molecular future},
journal={Nature Nanotechnology},
year={2013},
month={Jun},
volume={8},
number={6},
pages={385-389},
note={Feature},
url={10.1038/nnano.2013.101}
}


@article{perrinnano,
author = "Mickael L. Perrin and Riccardo Frisenda and Max Koole and Johannes S. Seldenthuis and Jose A. Celis Gil and Hennie Valkenier and Jan C. Hummelen and Nicolas Renaud and Ferdinand C. Grozema and Josephm M. Thijssen and Diana Dulic and Herre S. J. van der Zant",
title="Large negative differential conductance in single-molecule break junctions",
journal="{Nature Nanotechnology}",
volume="9",
pages="830-834",
doi="10.1038/nnano.2014.177",
year="2014",
month="August"
}
@article{frei1,
author = {Michael Frei and Sriharsha V. Aradhya and Max Koentopp and Mark S. Hybertsen and L. Venkataraman},
title = {Mechanics and Chemistry: Single Molecule Bond Rupture Forces Correlate with Molecular Backbone Structure},
journal = {Nano Letters},
volume = {11},
number = {4},
year = {2011},
doi = {10.1021/nl1042903},
}

@article{frei2,
author = {Michael Frei and Sriharsha V. Aradhya and Mark S. Hybertsen and Latha Venkataraman},
title = {Linker Dependent Bond Rupture Force Measurements in Single-Molecule Junctions},
journal = {Journal of the American Chemical Society},
volume = {134},
number = {9},
year = {2012},
doi = {10.1021/ja211590d},
}

@article{nef,
author={C Nef and P L T M Frederix and J Brunner and C Sch\"onenberger and M Calame},
title={Force-conductance correlation in individual molecular junctions},
journal={Nanotechnology},
volume={23},
number={36},
year={2012},
doi="10.1088/0957-4484/23/36/365201"
}

@article{koole,
author = {Max Koole and Jos M. Thijssen and Hennie Valkenier and Jan C. Hummelen and Herre S. J. van der Zant},
title = {Electric-Field Control of Interfering Transport Pathways in a Single-Molecule Anthraquinone Transistor},
journal = {Nano Letters},
volume = {15},
number = {8},
year = {2015},
doi = {10.1021/acs.nanolett.5b02188},
}
@article{electromigration,
author = "Strachan, D. R. and Smith, D. E. and Johnston, D. E. and Park, T.-H. and Therien, Michael J. and Bonnell, D. A. and Johnson, A. T.",
title = "Controlled fabrication of nanogaps in ambient environment for molecular electronics",
journal = "Applied Physics Letters",
year = "2005",
volume = "86",
number = "4", 
doi = "10.1063/1.1857095" 
}

@Article{Park2000,
author={Park, Hongkun
and Park, Jiwoong
and Lim, Andrew K. L.
and Anderson, Erik H.
and Alivisatos, A. Paul
and McEuen, Paul L.},
title={Nanomechanical oscillations in a single-C60 transistor},
journal={Nature},
year={2000},
month={Sep},
day={07},
publisher={Macmillian Magazines Ltd.},
volume={407},
number={6800},
doi={10.1038/35024031},
}

@Article{Park2002,
author={Park, Jiwoong
and Pasupathy, Abhay N.
and Goldsmith, Jonas I.
and Chang, Connie
and Yaish, Yuval
and Petta, Jason R.
and Rinkoski, Marie
and Sethna, James P.
and Abruna, Hector D.
and McEuen, Paul L.
and Ralph, Daniel C.},
title={Coulomb blockade and the Kondo effect in single-atom transistors},
journal={Nature},
year={2002},
month={Jun},
day={13},
volume={417},
number={6890},
doi={10.1038/nature00791},
}
@article{vib1,
title = {Inelastic Electron Tunneling via Molecular Vibrations in Single-Molecule Transistors},
author = {Yu, L. H. and Keane, Z. K. and Ciszek, J. W. and Cheng, L. and Stewart, M. P. and Tour, J. M. and Natelson, D.},
journal = {Phys. Rev. Lett.},
volume = {93},
issue = {26},
year = {2004},
doi = {10.1103/PhysRevLett.93.266802},
}

@article {vib2,
author = {Osorio, E. A. and O'Neill, K. and Stuhr-Hansen, N. and Nielsen, O. F. and Bjørnholm, T. and van der Zant, H. S. J.},
title = {Addition Energies and Vibrational Fine Structure Measured in Electromigrated Single-Molecule Junctions Based on an Oligophenylenevinylene Derivative},
journal = {Advanced Materials},
volume = {19},
number = {2},
doi = {10.1002/adma.200601876},
year = {2007},
}
@article{elec1,
author = {Edgar A. Osorio and Kevin O'Neill and Maarten Wegewijs and Nicolai Stuhr-Hansen and Jens Paaske and Thomas Bjørnholm and and Herre S. J. van der Zant},
title = {Electronic Excitations of a Single Molecule Contacted in a Three-Terminal Configuration},
journal = {Nano Letters},
volume = {7},
number = {11},
year = {2007},
doi = {10.1021/nl0715802},
}

@Article{ratnerrev2013,
author={Ratner, Mark},
title={A brief history of molecular electronics},
journal={Nature Nanotechnology},
year={2013},
month={Jun},
volume={8},
number={6},
note={Commentary},
url={10.1038/nnano.2013.110}
}
@Article{Joachim2000,
author={Joachim, C.
and Gimzewski, J. K.
and Aviram, A.},
title={Electronics using hybrid-molecular and mono-molecular devices},
journal={Nature},
year={2000},
month={Nov},
volume={408},
number={6812},
url={10.1038/35046000}
}
@article{beenakker,
  title = {Theory of Coulomb-blockade oscillations in the conductance of a quantum dot},
  author = {Beenakker, C. W. J.},
  journal = {Phys. Rev. B},
  volume = {44},
  pages = {1646--1656},
  year = {1991},
  month = {Jul},
  doi = {10.1103/PhysRevB.44.1646},
}





@article{nitzan2001,
author = { Abraham Nitzan},
title = {ELECTRON TRANSMISSION THROUGH MOLECULES AND MOLECULAR INTERFACES},
journal = {Annual Review of Physical Chemistry},
volume = {52},
number = {1},
year = {2001},
doi = {10.1146/annurev.physchem.52.1.681},
}

@article{verzijl,
author = {C. J. O. Verzijl and J. M. Thijssen},
title = {DFT-Based Molecular Transport Implementation in ADF/BAND},
journal = {The Journal of Physical Chemistry C},
volume = {116},
number = {46},
year = {2012},
doi = {10.1021/jp3044225},
}

@article{nobel1998,
  title = {Nobel Lecture: Electronic structure of matter-wave functions and density functionals},
  author = {Kohn, W.},
  journal = {Rev. Mod. Phys.},
  volume = {71},
  issue = {5},
  year = {1999},
  month = {Oct},
  doi = {10.1103/RevModPhys.71.1253},
}
@article{kohnsham,
  title = {Self-Consistent Equations Including Exchange and Correlation Effects},
  author = {Kohn, W. and Sham, L. J.},
  journal = {Phys. Rev.},
  volume = {140},
  pages = {A1133--A1138},
  year = {1965},
  month = {Nov},
  doi = {10.1103/PhysRev.140.A1133},
}
@book{haberman,
    author = "Richard Haberman",
    title = "Applied Partial Differential equations with Fourier Series and Boundary Value Problems",
    publisher="Pearson Education Unlimited",
    year = "2014"
}
@book{leeuwen,
    author = "Gianluca Stefanucci and Robert {van Leeuwen}",
    title = "Nonequilibrium Many-Body Theory of Quantum Systems: A modern introduction",
    publisher="Cambridge University Press",
    year = "2013"
}
@book{kaspermothpoulsen,
    author = "Kasper Moth-Poulsen",
    title = "Handbook of single-molecule electronics",
    publisher="Pan Stanford Publishing",
    year = "2015",
    note = ". Exclusively the chapter written by Dr. Jos Thijssen and Dr. Jos Seldenthuis"
}
@book{joscomp,
    author = "Jos M Thijssen",
    title = "Computational Physics",
    publisher="Cambridge University Press",
    year = "2007"
}

@book{mattuck,
    author    = "Richard D Mattuck",
    title     = "A guide to {Feynman} diagrams in the many-body problem",
    publisher = "{McGraw-Hill} International book company",
    year      = "1976"
}
@book{diventra,
    author    = "Massimiliano {Di Ventra}",
    title     = "Electrical Transport in Nanoscale Systems",
    publisher = "Cambridge University Press",
    year      = "2008"
}
@book{haugjauho,
    author    = "Hartmut J W Haug and Antti-Pekka Jauho",
    title     = "Quantum Kinetics in Transport and Optics of Semiconductors",
    publisher = "Springer",
    year      = "2008"
}

@book{yuli,
    author="Yuli V. Nazarov and Jeroen Danon",
    title = "Advanced Quantum Mechanics",
    publisher="Cambridge University Press",
    year = "2013"
}
@book{griffiths,
    author="David J Griffth",
    title = "Introduction to Quantum Mechanics",
    publisher=" Pearson Prentice Hall",
    year = "2004"
}
@article{datta,
  title = {Steady-state quantum kinetic equation},
  author = {Datta, Supriyo},
  journal = {Phys. Rev. B},
  volume = {40},
  issue = {8},
  year = {1989},
  doi = {10.1103/PhysRevB.40.5830},
}
@article{wbl,
   author = "Verzijl, C. J. O. and Seldenthuis, J. S. and Thijssen, J. M.",
   title = "Applicability of the wide-band limit in DFT-based molecular transport calculations",
   journal = "The Journal of Chemical Physics",
   year = "2013",
   volume = "138",
   number = "9", 
   doi = "10.1063/1.4793259" 
}
@article{gellmannlow,
  title = {Bound States in Quantum Field Theory},
  author = {Gell-Mann, Murray and Low, Francis},
  journal = {Phys. Rev.},
  volume = {84},
  issue = {2},
  year = {1951},
  month = {Oct},
  doi = {10.1103/PhysRev.84.350},
}
@article{molinari,
   author = "Molinari, Luca Guido",
   title = "Another proof of Gell-Mann and Low’s theorem",
   journal = "Journal of Mathematical Physics",
   year = "2007",
   volume = "48",
   number = "5", 
   doi = "10.1063/1.2740469" 
}
@article{mura,
  title = {Probing electronic excitations in molecular conduction},
  author = {Muralidharan, B. and Ghosh, A. W. and Datta, S.},
  journal = {Phys. Rev. B},
  volume = {73},
  issue = {15},
  year = {2006},
  month = {Apr},
  doi = {10.1103/PhysRevB.73.155410},
}





@article{vibrationcomputation,
author = {Johannes S. Seldenthuis and Herre S. J. van der Zant and Mark A. Ratner and Joseph M. Thijssen},
title = {Vibrational Excitations in Weakly Coupled Single-Molecule Junctions: A Computational Analysis},
journal = {ACS Nano},
volume = {2},
number = {7},
year = {2008},
doi = {10.1021/nn800170h},
}
@article{electroluminescence,
  title = {Electroluminescence spectra in weakly coupled single-molecule junctions},
  author = {Seldenthuis, J. S. and van der Zant, H. S. J. and Ratner, M. A. and Thijssen, J. M.},
  journal = {Phys. Rev. B},
  volume = {81},
  pages = {205430},
  year = {2010},
  doi = {10.1103/PhysRevB.81.205430},
}

@Article{fcblockade,
author={Leturcq, Renaud
and Stampfer, Christoph
and Inderbitzin, Kevin
and Durrer, Lukas
and Hierold, Christofer
and Mariani, Eros
and Schultz, Maximilian G.
and von Oppen, Felix
and Ensslin, Klaus},
title={Franck-Condon blockade in suspended carbon nanotube quantum dots},
journal={Nature Physics},
year={2009},
volume={5},
number={5},
doi={10.1038/nphys1234},
}
 
@article{frohlich,
author = { H.   Fr\"ohlich },
title = {Electrons in lattice fields},
journal = {Advances in Physics},
volume = {3},
number = {11},
year = {1954},
doi = {10.1080/00018735400101213},
}

@article {thijszantrev,
author = {Thijssen, J. M. and Van der Zant, H. S. J.},
title = {Charge transport and single-electron effects in nanoscale systems},
journal = {physica status solidi (b)},
volume = {245},
number = {8},
doi = {10.1002/pssb.200743470},
year = {2008},
}